% Individual-Based Modeling (IBM)
%
% Advanced Project I - Jacobs University Bremen
% Supervisor: Dr. Stefan Kettemann
%
% Created on May 29, 2019
%
% Authors:
%   Ralph Florent <r.florent@jacobs-university.de>
%   Davi Tavares <davi.tavares@leibniz-zmt.de>
%   Agostino Merico <a.merico@jacobs-university.de>
%
% References block for the documentation

Trejos, E. A., &amp; Merico, A. (2018). The enigmatic concept of biodiversity. Bioinformatics. Bremen: Jacobs
University.

@misc{ago2019abm,
	author={Agostino Merico},
	title={Complex System and Agent-Based Modelling},
	organization={Jacobs University Bremen},
	year={2018},
	month={11},
	addendum={(accessed: 29.05.2019)},
	keyword={science, ecology, abm}
}

@online{vscode,
	author={Microsoft Corporation},
	title={Visual Studio Code},
	year={2019},
	month={4},
	URL={https://code.visualstudio.com/},
	keyword={programming, tools, software}
}

@online{github,
	author={GitHub Inc},
	title={The world's leading software development platform},
	year={2019},
	month={4},
	URL={https://github.com/}
}

@online{python,
	author={Python Software Foundation},
	title={Welcome to Python.org},
	year={2019},
	month={3},
	URL={https://www.python.org/}
}

@online{jupyternotebook,
	author={Project Jupyter},
	title={Project Jupyter},
	year={2019},
	month={1},
	URL={https://jupyter.org/},
    addendum={(Last updated April 12, 2019)}
}

@online{smashingmagazine,
	author={Smashing Magazine},
	title={The Nine Principles Of Design Implementation},
	year={2017},
	month={8},
	URL={https://www.smashingmagazine.com/2017/08/nine-principles-design-implementation/}
}

@online{scalablepath,
	author={Aris Papadopoulos},
    publisher={Scalable Path},
	title={Why should developers use third-party libraries?},
	year={2018},
	month={3},
	URL={https://www.smashingmagazine.com/2017/08/nine-principles-design-implementation/}
}

@online{numpy.random.rand,
	author={The SciPy community},
	title={numpy.random.rand},
	year={2019},
	month={1},
	URL={https://docs.scipy.org/doc/numpy/reference/generated/numpy.random.rand.html},
	keyword={programming, python}
}

@online{numpy.linalg.norm,
	author={The SciPy community},
	title={numpy.linalg.norm},
	year={2019},
	month={1},
	URL={https://docs.scipy.org/doc/numpy/reference/generated/numpy.linalg.norm.html},
	keyword={programming, python}
}

@online{matplotlib.pyplot,
	author={The Matplotlib development team},
	title={matplotlib.pyplot.plot},
	year={2019},
	month={3},
	URL={https://matplotlib.org/api/_as_gen/matplotlib.pyplot.plot.html},
	keyword={programming, python}
}

@online{matplotlib.patches,
	author={The Matplotlib development team},
	title={matplotlib.patches.Patch},
	year={2019},
	month={3},
	URL={https://matplotlib.org/3.1.0/api/_as_gen/matplotlib.patches.Patch.html},
	keyword={programming, python}
}

@online{matplotlib.path,
	author={The Matplotlib development team},
	title={matplotlib.path},
	year={2019},
	month={3},
	URL={https://matplotlib.org/3.1.0/api/path_api.html},
	keyword={programming, python}
}

@online{imageio,
	author={The Python community},
    publisher={Python Software community},
	title={imageio},
	year={2019},
	month={1},
	URL={https://imageio.readthedocs.io/en/latest/userapi.html},
	keyword={programming, python}
}